@article{B517931A,
	author = {I. T. Todorov and W. Smith and K. Trachenko and M. T. Dove},
	doi = {10.1039/B517931A},
	issue = {20},
	journal = {J. Mater. Chem.},
	pages = {1911},
	publisher = {The Royal Society of Chemistry},
	title = {DL\_POLY\_3: new dimensions in molecular dynamics simulations via massive parallelism},
	url = {http://dx.doi.org/10.1039/B517931A},
	volume = {16},
	year = {2006}
}
@article{BAGEL,
	author = {T. Shiozaki},
	doi = {10.1002/wcms.1331},
	journal = {WIREs Computational Molecular Science},
	pages = {1331},
	publisher = {Wiley},
	title = {BAGEL: Brilliantly Advanced General Electronic-structure Library},
	url = {https://doi.org/10.1002/wcms.1331},
	volume = {8},
	year = {2018}
}
@misc{TiledArray,
    author    = {Calvin, J. A. and Valeev, E. F.},
    title     = {"{T}iled{A}rray: A general-purpose scalable block-sparse tensor framework"},
    url       = {"https://github.com/valeevgroup/tiledarray"}
}
@BOOK{LAPACK,
      AUTHOR = {Anderson, E. and Bai, Z. and Bischof, C. and
                Blackford, S. and Demmel, J. and Dongarra, J. and
                Du Croz, J. and Greenbaum, A. and Hammarling, S. and
                McKenney, A. and Sorensen, D.},
      title = {{LAPACK} Users' Guide},
      edition = {Third},
      publisher = {Society for Industrial and Applied Mathematics},
      year = {1999},
      address = {Philadelphia, PA},
      isbn = {0-89871-447-8 (paperback)}
}
@misc{JSON,
  title = {JavaScript Object Notation},
  howpublished = {url{https://www.json.org/}},
  note = {Accessed: 2018-06-29}
}
}

